@book{steer2019microwave,
  title        = {Microwave and RF Design},
  author       = {Michael Steer},
  year         = 2019,
  edition      = {Third},
  publisher    = {NC State University}
}

@book{razavi2011rf,
  author    = {B. Razavi},
  title     = {RF Microelectronics},
  edition   = {2nd},
  publisher = {Prentice Hall},
  year      = {2011},
  isbn      = {978-0137134731},
  language  = {English},
  pages     = {916}
}

@book{sedra2014microelectronic,
  title        = {Microelectronic Circuits},
  edition      = {7th},
  author       = {Sedra, A. S. and Smith, K. C.},
  year         = {2014},
  publisher    = {Oxford University Press},
  series       = {The Oxford Series in Electrical and Computer Engineering},
  isbn         = {978-0199339136},
  asin         = {0199339139},
  pages        = {1488},
  month        = {11},
  language     = {English}
}

@book{goldsmith2020wireless,
  title     = {Wireless Communications},
  publisher = {Cambridge University Press},
  author    = {Andrea Goldsmith},
  year      = {2020},
  month     = {3},
}

@book{steer2019microwavev3,
  author    = {Michael Steer},
  title     = {Microwave and RF Design, Volume 3: Networks},
  publisher = {NC State University},
  year      = {2019},
  edition   = {3rd},
  address   = {Raleigh, NC},
  language  = {English},
  pages     = {258},
  isbn      = {978-1469656946},
}