@article{Dirac1953888,
  title   = {The {Lorentz} transformation and absolute time},
  journal = {Physica },
  volume  = {19},
  number  = {1-â€“12},
  pages   = {888--896},
  year    = {1953},
  doi     = {10.1016/S0031-8914(53)80099-6},
  author  = {P. A. M. Dirac}
}

@article{Feynman1963118,
  title   = {The theory of a general quantum system interacting with a linear dissipative system},
  journal = {Annals of Physics },
  volume  = {24},
  pages   = {118--173},
  year    = {1963},
  doi     = {10.1016/0003-4916(63)90068-X},
  author  = {R. P Feynman and F. L {Vernon Jr.}}
}



@book{steer2019microwave,
  title        = {Microwave and RF Design},
  author       = {Michael Steer},
  year         = 2019,
  edition      = {Third},
  publisher    = {NC State University}
}

@book{razavi2011rf,
  author    = {B. Razavi},
  title     = {RF Microelectronics},
  edition   = {2nd},
  publisher = {Prentice Hall},
  year      = {2011},
  isbn      = {978-0137134731},
  language  = {English},
  pages     = {916}
}

@book{sedra2014microelectronic,
  title        = {Microelectronic Circuits},
  edition      = {7th},
  author       = {Sedra, A. S. and Smith, K. C.},
  year         = {2014},
  publisher    = {Oxford University Press},
  series       = {The Oxford Series in Electrical and Computer Engineering},
  isbn         = {978-0199339136},
  asin         = {0199339139},
  pages        = {1488},
  month        = {11},
  language     = {English}
}

@book{goldsmith2020wireless,
  title     = {Wireless Communications},
  publisher = {Cambridge University Press},
  author    = {Andrea Goldsmith},
  year      = {2020},
  month     = {3},
}

@book{steer2019microwavev3,
  author    = {Michael Steer},
  title     = {Microwave and RF Design, Volume 3: Networks},
  publisher = {NC State University},
  year      = {2019},
  edition   = {3rd},
  address   = {Raleigh, NC},
  language  = {English},
  pages     = {258},
  isbn      = {978-1469656946},
}