@book{sedra2014microelectronic,
  title        = {Microelectronic Circuits},
  edition      = {7th},
  author       = {Sedra, A. S. and Smith, K. C.},
  year         = {2014},
  publisher    = {Oxford University Press},
  series       = {The Oxford Series in Electrical and Computer Engineering},
  isbn         = {978-0199339136},
  asin         = {0199339139},
  pages        = {1488},
  month        = {11},
  language     = {English}
}
